%YAML 1.1
%TAG !u! tag:unity3d.com,2011:
--- !u!1 &3086248159578128693
GameObject:
  m_ObjectHideFlags: 0
  m_CorrespondingSourceObject: {fileID: 0}
  m_PrefabInstance: {fileID: 0}
  m_PrefabAsset: {fileID: 0}
  serializedVersion: 6
  m_Component:
  - component: {fileID: 619904589575098893}
  - component: {fileID: 8953187054956035739}
  - component: {fileID: 8219819042475198932}
  - component: {fileID: 8524756941051988046}
  m_Layer: 0
  m_Name: Top Wall
  m_TagString: Untagged
  m_Icon: {fileID: 0}
  m_NavMeshLayer: 0
  m_StaticEditorFlags: 0
  m_IsActive: 1
--- !u!4 &619904589575098893
Transform:
  m_ObjectHideFlags: 0
  m_CorrespondingSourceObject: {fileID: 0}
  m_PrefabInstance: {fileID: 0}
  m_PrefabAsset: {fileID: 0}
  m_GameObject: {fileID: 3086248159578128693}
  m_LocalRotation: {x: 0, y: 0, z: 0, w: 1}
  m_LocalPosition: {x: 0.09, y: 23.71, z: -2.733}
  m_LocalScale: {x: 200, y: 1.3962971, z: 5.4979997}
  m_Children: []
  m_Father: {fileID: 6329127546734794887}
  m_RootOrder: 3
  m_LocalEulerAnglesHint: {x: 0, y: 0, z: 0}
--- !u!33 &8953187054956035739
MeshFilter:
  m_ObjectHideFlags: 0
  m_CorrespondingSourceObject: {fileID: 0}
  m_PrefabInstance: {fileID: 0}
  m_PrefabAsset: {fileID: 0}
  m_GameObject: {fileID: 3086248159578128693}
  m_Mesh: {fileID: 10202, guid: 0000000000000000e000000000000000, type: 0}
--- !u!23 &8219819042475198932
MeshRenderer:
  m_ObjectHideFlags: 0
  m_CorrespondingSourceObject: {fileID: 0}
  m_PrefabInstance: {fileID: 0}
  m_PrefabAsset: {fileID: 0}
  m_GameObject: {fileID: 3086248159578128693}
  m_Enabled: 1
  m_CastShadows: 1
  m_ReceiveShadows: 1
  m_DynamicOccludee: 1
  m_MotionVectors: 1
  m_LightProbeUsage: 1
  m_ReflectionProbeUsage: 1
  m_RenderingLayerMask: 1
  m_RendererPriority: 0
  m_Materials:
  - {fileID: 2100000, guid: 7842baa996f98a14a8a65306c1ffe2d8, type: 2}
  m_StaticBatchInfo:
    firstSubMesh: 0
    subMeshCount: 0
  m_StaticBatchRoot: {fileID: 0}
  m_ProbeAnchor: {fileID: 0}
  m_LightProbeVolumeOverride: {fileID: 0}
  m_ScaleInLightmap: 1
  m_PreserveUVs: 0
  m_IgnoreNormalsForChartDetection: 0
  m_ImportantGI: 0
  m_StitchLightmapSeams: 0
  m_SelectedEditorRenderState: 3
  m_MinimumChartSize: 4
  m_AutoUVMaxDistance: 0.5
  m_AutoUVMaxAngle: 89
  m_LightmapParameters: {fileID: 0}
  m_SortingLayerID: 0
  m_SortingLayer: 0
  m_SortingOrder: 0
--- !u!65 &8524756941051988046
BoxCollider:
  m_ObjectHideFlags: 0
  m_CorrespondingSourceObject: {fileID: 0}
  m_PrefabInstance: {fileID: 0}
  m_PrefabAsset: {fileID: 0}
  m_GameObject: {fileID: 3086248159578128693}
  m_Material: {fileID: 0}
  m_IsTrigger: 0
  m_Enabled: 1
  serializedVersion: 2
  m_Size: {x: 1, y: 1, z: 1}
  m_Center: {x: 0, y: 0, z: 0}
--- !u!1 &5715409388313853543
GameObject:
  m_ObjectHideFlags: 0
  m_CorrespondingSourceObject: {fileID: 0}
  m_PrefabInstance: {fileID: 0}
  m_PrefabAsset: {fileID: 0}
  serializedVersion: 6
  m_Component:
  - component: {fileID: 6329127546734794887}
  m_Layer: 0
  m_Name: Boundary
  m_TagString: Untagged
  m_Icon: {fileID: 0}
  m_NavMeshLayer: 0
  m_StaticEditorFlags: 0
  m_IsActive: 1
--- !u!4 &6329127546734794887
Transform:
  m_ObjectHideFlags: 0
  m_CorrespondingSourceObject: {fileID: 0}
  m_PrefabInstance: {fileID: 0}
  m_PrefabAsset: {fileID: 0}
  m_GameObject: {fileID: 5715409388313853543}
  m_LocalRotation: {x: -0.0035210142, y: -0, z: -0, w: 0.9999938}
  m_LocalPosition: {x: 0, y: -0.4, z: 35.726063}
  m_LocalScale: {x: 1, y: 1, z: 10}
  m_Children:
  - {fileID: 6736091399860657543}
  - {fileID: 6736091399509868372}
  - {fileID: 8582939411886805456}
  - {fileID: 619904589575098893}
  m_Father: {fileID: 0}
  m_RootOrder: 0
  m_LocalEulerAnglesHint: {x: -0.40300003, y: 0, z: 0}
--- !u!1 &6146579294467871162
GameObject:
  m_ObjectHideFlags: 0
  m_CorrespondingSourceObject: {fileID: 0}
  m_PrefabInstance: {fileID: 0}
  m_PrefabAsset: {fileID: 0}
  serializedVersion: 6
  m_Component:
  - component: {fileID: 8582939411886805456}
  - component: {fileID: 7036342323512429856}
  - component: {fileID: 6911484875986039523}
  - component: {fileID: 8979295510609797488}
  m_Layer: 0
  m_Name: Back Wall
  m_TagString: Untagged
  m_Icon: {fileID: 0}
  m_NavMeshLayer: 0
  m_StaticEditorFlags: 0
  m_IsActive: 1
--- !u!4 &8582939411886805456
Transform:
  m_ObjectHideFlags: 0
  m_CorrespondingSourceObject: {fileID: 0}
  m_PrefabInstance: {fileID: 0}
  m_PrefabAsset: {fileID: 0}
  m_GameObject: {fileID: 6146579294467871162}
  m_LocalRotation: {x: 0, y: 0, z: 0, w: 1}
  m_LocalPosition: {x: 0, y: 12.21, z: 0}
  m_LocalScale: {x: 200, y: 24, z: 1}
  m_Children: []
  m_Father: {fileID: 6329127546734794887}
  m_RootOrder: 2
  m_LocalEulerAnglesHint: {x: 0, y: 0, z: 0}
--- !u!33 &7036342323512429856
MeshFilter:
  m_ObjectHideFlags: 0
  m_CorrespondingSourceObject: {fileID: 0}
  m_PrefabInstance: {fileID: 0}
  m_PrefabAsset: {fileID: 0}
  m_GameObject: {fileID: 6146579294467871162}
  m_Mesh: {fileID: 10202, guid: 0000000000000000e000000000000000, type: 0}
--- !u!23 &6911484875986039523
MeshRenderer:
  m_ObjectHideFlags: 0
  m_CorrespondingSourceObject: {fileID: 0}
  m_PrefabInstance: {fileID: 0}
  m_PrefabAsset: {fileID: 0}
  m_GameObject: {fileID: 6146579294467871162}
  m_Enabled: 1
  m_CastShadows: 1
  m_ReceiveShadows: 1
  m_DynamicOccludee: 1
  m_MotionVectors: 1
  m_LightProbeUsage: 1
  m_ReflectionProbeUsage: 1
  m_RenderingLayerMask: 1
  m_RendererPriority: 0
  m_Materials:
  - {fileID: 2100000, guid: fa82a97a95c917846bfa6c22bd1abb15, type: 2}
  m_StaticBatchInfo:
    firstSubMesh: 0
    subMeshCount: 0
  m_StaticBatchRoot: {fileID: 0}
  m_ProbeAnchor: {fileID: 0}
  m_LightProbeVolumeOverride: {fileID: 0}
  m_ScaleInLightmap: 1
  m_PreserveUVs: 0
  m_IgnoreNormalsForChartDetection: 0
  m_ImportantGI: 0
  m_StitchLightmapSeams: 0
  m_SelectedEditorRenderState: 3
  m_MinimumChartSize: 4
  m_AutoUVMaxDistance: 0.5
  m_AutoUVMaxAngle: 89
  m_LightmapParameters: {fileID: 0}
  m_SortingLayerID: 0
  m_SortingLayer: 0
  m_SortingOrder: 0
--- !u!65 &8979295510609797488
BoxCollider:
  m_ObjectHideFlags: 0
  m_CorrespondingSourceObject: {fileID: 0}
  m_PrefabInstance: {fileID: 0}
  m_PrefabAsset: {fileID: 0}
  m_GameObject: {fileID: 6146579294467871162}
  m_Material: {fileID: 0}
  m_IsTrigger: 0
  m_Enabled: 1
  serializedVersion: 2
  m_Size: {x: 1, y: 1, z: 1}
  m_Center: {x: 0, y: 0, z: 0}
--- !u!1001 &981343246089697693
PrefabInstance:
  m_ObjectHideFlags: 0
  serializedVersion: 2
  m_Modification:
    m_TransformParent: {fileID: 6329127546734794887}
    m_Modifications:
    - target: {fileID: 5829075239688315930, guid: eb39d4230b94a02419ea1878d58eff9a,
        type: 3}
      propertyPath: m_LocalPosition.x
      value: -36.1
      objectReference: {fileID: 0}
    - target: {fileID: 5829075239688315930, guid: eb39d4230b94a02419ea1878d58eff9a,
        type: 3}
      propertyPath: m_LocalPosition.y
      value: 10.981527
      objectReference: {fileID: 0}
    - target: {fileID: 5829075239688315930, guid: eb39d4230b94a02419ea1878d58eff9a,
        type: 3}
      propertyPath: m_LocalPosition.z
      value: -3.4259584
      objectReference: {fileID: 0}
    - target: {fileID: 5829075239688315930, guid: eb39d4230b94a02419ea1878d58eff9a,
        type: 3}
      propertyPath: m_LocalRotation.x
      value: 0.0035204235
      objectReference: {fileID: 0}
    - target: {fileID: 5829075239688315930, guid: eb39d4230b94a02419ea1878d58eff9a,
        type: 3}
      propertyPath: m_LocalRotation.y
      value: -0.018322019
      objectReference: {fileID: 0}
    - target: {fileID: 5829075239688315930, guid: eb39d4230b94a02419ea1878d58eff9a,
        type: 3}
      propertyPath: m_LocalRotation.z
      value: -0.0000645125
      objectReference: {fileID: 0}
    - target: {fileID: 5829075239688315930, guid: eb39d4230b94a02419ea1878d58eff9a,
        type: 3}
      propertyPath: m_LocalRotation.w
      value: 0.9998259
      objectReference: {fileID: 0}
    - target: {fileID: 5829075239688315930, guid: eb39d4230b94a02419ea1878d58eff9a,
        type: 3}
      propertyPath: m_RootOrder
      value: 0
      objectReference: {fileID: 0}
    - target: {fileID: 5829075239688315930, guid: eb39d4230b94a02419ea1878d58eff9a,
        type: 3}
      propertyPath: m_LocalEulerAnglesHint.x
      value: 0
      objectReference: {fileID: 0}
    - target: {fileID: 5829075239688315930, guid: eb39d4230b94a02419ea1878d58eff9a,
        type: 3}
      propertyPath: m_LocalEulerAnglesHint.y
      value: -2.1000001
      objectReference: {fileID: 0}
    - target: {fileID: 5829075239688315930, guid: eb39d4230b94a02419ea1878d58eff9a,
        type: 3}
      propertyPath: m_LocalEulerAnglesHint.z
      value: 0
      objectReference: {fileID: 0}
    - target: {fileID: 5829075239688315930, guid: eb39d4230b94a02419ea1878d58eff9a,
        type: 3}
      propertyPath: m_LocalScale.x
      value: 0.62092894
      objectReference: {fileID: 0}
    - target: {fileID: 5829075239688315930, guid: eb39d4230b94a02419ea1878d58eff9a,
        type: 3}
      propertyPath: m_LocalScale.y
      value: 26.234661
      objectReference: {fileID: 0}
    - target: {fileID: 5829075239688315930, guid: eb39d4230b94a02419ea1878d58eff9a,
        type: 3}
      propertyPath: m_LocalScale.z
      value: 2.9702177
      objectReference: {fileID: 0}
    - target: {fileID: 8192201985920603600, guid: eb39d4230b94a02419ea1878d58eff9a,
        type: 3}
      propertyPath: m_Name
      value: Obstacle (13)
      objectReference: {fileID: 0}
    - target: {fileID: 8192201985920603600, guid: eb39d4230b94a02419ea1878d58eff9a,
        type: 3}
      propertyPath: m_TagString
      value: Untagged
      objectReference: {fileID: 0}
    m_RemovedComponents: []
  m_SourcePrefab: {fileID: 100100000, guid: eb39d4230b94a02419ea1878d58eff9a, type: 3}
--- !u!4 &6736091399860657543 stripped
Transform:
  m_CorrespondingSourceObject: {fileID: 5829075239688315930, guid: eb39d4230b94a02419ea1878d58eff9a,
    type: 3}
  m_PrefabInstance: {fileID: 981343246089697693}
  m_PrefabAsset: {fileID: 0}
--- !u!1001 &981343246409849678
PrefabInstance:
  m_ObjectHideFlags: 0
  serializedVersion: 2
  m_Modification:
    m_TransformParent: {fileID: 6329127546734794887}
    m_Modifications:
    - target: {fileID: 5829075239688315930, guid: eb39d4230b94a02419ea1878d58eff9a,
        type: 3}
      propertyPath: m_LocalPosition.x
      value: 35.6
      objectReference: {fileID: 0}
    - target: {fileID: 5829075239688315930, guid: eb39d4230b94a02419ea1878d58eff9a,
        type: 3}
      propertyPath: m_LocalPosition.y
      value: 10.981527
      objectReference: {fileID: 0}
    - target: {fileID: 5829075239688315930, guid: eb39d4230b94a02419ea1878d58eff9a,
        type: 3}
      propertyPath: m_LocalPosition.z
      value: -3.4259584
      objectReference: {fileID: 0}
    - target: {fileID: 5829075239688315930, guid: eb39d4230b94a02419ea1878d58eff9a,
        type: 3}
      propertyPath: m_LocalRotation.x
      value: 0.0035129935
      objectReference: {fileID: 0}
    - target: {fileID: 5829075239688315930, guid: eb39d4230b94a02419ea1878d58eff9a,
        type: 3}
      propertyPath: m_LocalRotation.y
      value: -0.06745909
      objectReference: {fileID: 0}
    - target: {fileID: 5829075239688315930, guid: eb39d4230b94a02419ea1878d58eff9a,
        type: 3}
      propertyPath: m_LocalRotation.z
      value: -0.00023752589
      objectReference: {fileID: 0}
    - target: {fileID: 5829075239688315930, guid: eb39d4230b94a02419ea1878d58eff9a,
        type: 3}
      propertyPath: m_LocalRotation.w
      value: 0.99771583
      objectReference: {fileID: 0}
    - target: {fileID: 5829075239688315930, guid: eb39d4230b94a02419ea1878d58eff9a,
        type: 3}
      propertyPath: m_RootOrder
      value: 1
      objectReference: {fileID: 0}
    - target: {fileID: 5829075239688315930, guid: eb39d4230b94a02419ea1878d58eff9a,
        type: 3}
      propertyPath: m_LocalEulerAnglesHint.x
      value: 0
      objectReference: {fileID: 0}
    - target: {fileID: 5829075239688315930, guid: eb39d4230b94a02419ea1878d58eff9a,
        type: 3}
      propertyPath: m_LocalEulerAnglesHint.y
      value: -7.7360005
      objectReference: {fileID: 0}
    - target: {fileID: 5829075239688315930, guid: eb39d4230b94a02419ea1878d58eff9a,
        type: 3}
      propertyPath: m_LocalEulerAnglesHint.z
      value: 0
      objectReference: {fileID: 0}
    - target: {fileID: 5829075239688315930, guid: eb39d4230b94a02419ea1878d58eff9a,
        type: 3}
      propertyPath: m_LocalScale.x
      value: 0.6115419
      objectReference: {fileID: 0}
    - target: {fileID: 5829075239688315930, guid: eb39d4230b94a02419ea1878d58eff9a,
        type: 3}
      propertyPath: m_LocalScale.y
      value: 26.234661
      objectReference: {fileID: 0}
    - target: {fileID: 5829075239688315930, guid: eb39d4230b94a02419ea1878d58eff9a,
        type: 3}
      propertyPath: m_LocalScale.z
      value: 3.4131541
      objectReference: {fileID: 0}
    - target: {fileID: 8192201985920603600, guid: eb39d4230b94a02419ea1878d58eff9a,
        type: 3}
      propertyPath: m_Name
      value: Obstacle (14)
      objectReference: {fileID: 0}
    - target: {fileID: 8192201985920603600, guid: eb39d4230b94a02419ea1878d58eff9a,
        type: 3}
      propertyPath: m_TagString
      value: Untagged
      objectReference: {fileID: 0}
    m_RemovedComponents: []
  m_SourcePrefab: {fileID: 100100000, guid: eb39d4230b94a02419ea1878d58eff9a, type: 3}
--- !u!4 &6736091399509868372 stripped
Transform:
  m_CorrespondingSourceObject: {fileID: 5829075239688315930, guid: eb39d4230b94a02419ea1878d58eff9a,
    type: 3}
  m_PrefabInstance: {fileID: 981343246409849678}
  m_PrefabAsset: {fileID: 0}
